@article{ab58,
  author={Blumlein, Alan Dower},
  year={1958},
  title={British Patent Specification 394,325},
  journal={JAES, vol. 6, no. 2, p.91}
}

@book{cr96cmt,
  title	= {The computer music tutorial},
  author = {Curtis ROADS},
  year = {1996},
  publisher	= {The MIT press}
}
@misc{faust,
  title = {Faust Documentation},
  howpublished = "\url{https://faustdoc.grame.fr}"
}
@misc{pdm,
  title = {Portale Produzione Musicale},
  howpublished = "\url{https://produzionemusicale.com}"
}
